<record><leader>00000cas a2200000 a 4500</leader><controlfield tag="001">2269790</controlfield><controlfield tag="008">760620d18931936ohudr ne      0    0eng c</controlfield><datafield ind1=" " ind2=" " tag="010"><subfield code="a">sn 84028466 </subfield></datafield><datafield ind1=" " ind2=" " tag="040"><subfield code="a">PIT</subfield><subfield code="b">eng</subfield><subfield code="c">PIT</subfield><subfield code="d">NPY</subfield><subfield code="d">DLC</subfield><subfield code="d">ONP</subfield><subfield code="d">MGN</subfield><subfield code="d">ONP</subfield><subfield code="d">NVF</subfield><subfield code="d">DLC</subfield><subfield code="d">OCLCQ</subfield><subfield code="d">OCLCF</subfield><subfield code="d">OCLCO</subfield></datafield><datafield ind1="1" ind2=" " tag="029"><subfield code="a">AU@</subfield><subfield code="b">000020265325</subfield></datafield><datafield ind1=" " ind2=" " tag="042"><subfield code="a">pcc</subfield></datafield><datafield ind1=" " ind2=" " tag="043"><subfield code="a">n-us-oh</subfield></datafield><datafield ind1="0" ind2="0" tag="050"><subfield code="a">Newspaper</subfield></datafield><datafield ind1="0" ind2=" " tag="130"><subfield code="a">Youngstown vindicator (Youngstown, Ohio : 1893)</subfield></datafield><datafield ind1="1" ind2="0" tag="245"><subfield code="a">Youngstown vindicator.</subfield></datafield><datafield ind1="1" ind2=" " tag="246"><subfield code="i">On Sundays published as:</subfield><subfield code="a">Sunday vindicator</subfield><subfield code="f">June 7, 1896-Oct. 28, 1928</subfield></datafield><datafield ind1="1" ind2="7" tag="246"><subfield code="a">Youngstown daily vindicator</subfield></datafield><datafield ind1=" " ind2=" " tag="260"><subfield code="a">Youngstown, O. [Ohio] :</subfield><subfield code="b">Youngstown Print. Co.,</subfield><subfield code="c">1893-1936.</subfield></datafield><datafield ind1=" " ind2=" " tag="300"><subfield code="a">v.</subfield></datafield><datafield ind1=" " ind2=" " tag="310"><subfield code="a">Daily,</subfield><subfield code="b">June 7, 1896-1936</subfield></datafield><datafield ind1=" " ind2=" " tag="321"><subfield code="a">Daily (except Sunday),</subfield><subfield code="b">1893-June 6, 1896</subfield></datafield><datafield ind1="0" ind2=" " tag="362"><subfield code="a">Vol. 4, no. 188 (May 2, 1893)-v. 47, no. 301 (July 2, 1936).</subfield></datafield><datafield ind1=" " ind2=" " tag="500"><subfield code="a">Democratic.</subfield></datafield><datafield ind1=" " ind2="0" tag="651"><subfield code="a">Youngstown (Ohio)</subfield><subfield code="v">Newspapers.</subfield></datafield><datafield ind1=" " ind2="7" tag="655"><subfield code="a">Newspapers.</subfield><subfield code="2">fast</subfield><subfield code="0">(OCoLC)fst01423814</subfield></datafield><datafield ind1=" " ind2="7" tag="651"><subfield code="a">Ohio</subfield><subfield code="z">Youngstown.</subfield><subfield code="2">fast</subfield><subfield code="0">(OCoLC)fst01213545</subfield></datafield><datafield ind1=" " ind2=" " tag="752"><subfield code="a">United States</subfield><subfield code="b">Ohio</subfield><subfield code="c">Mahoning</subfield><subfield code="d">Youngstown.</subfield></datafield><datafield ind1="0" ind2=" " tag="775"><subfield code="a">Youngstown vindicator (Youngstown, Ohio : 1876)</subfield><subfield code="w">(DLC)sn 84028465</subfield></datafield><datafield ind1="0" ind2="0" tag="780"><subfield code="t">Youngstown daily vindicator</subfield><subfield code="w">(DLC)sn 86071084</subfield></datafield><datafield ind1="0" ind2="7" tag="785"><subfield code="t">Youngstown telegram (Youngstown, Ohio : 1892)</subfield><subfield code="w">(DLC)sn 84028464</subfield></datafield><datafield ind1="0" ind2="7" tag="785"><subfield code="t">Youngstown vindicator and the Youngstown telegram</subfield><subfield code="w">(DLC)sn 83045453</subfield></datafield></record>